@article{Mnih2015,
    author = {Mnih, Volodymyr and Kavukcuoglu, Koray and Silver, David and Rusu, Andrei and Veness, Joel and Bellemare, Marc and Graves, Alex and Riedmiller, Martin and Fidjeland, Andreas and Ostrovski, Georg and Petersen, Stig and Beattie, Charles and Sadik, Amir and Antonoglou, Ioannis and King, Helen and Kumaran, Dharshan and Wierstra, Daan and Legg, Shane and Hassabis, Demis},
    year = {2015},
    month = {02},
    pages = {529-33},
    title = {Human-level control through deep reinforcement learning},
    volume = {518},
    journal = {Nature},
    doi = {10.1038/nature14236}
}

@article{Bellemare_2013,
    title = {The Arcade Learning Environment: An Evaluation Platform for General Agents},
    volume = {47},
    ISSN = {1076-9757},
    DOI = {10.1613/jair.3912},
    journal = {Journal of Artificial Intelligence Research},
    publisher = {AI Access Foundation},
    author = {Bellemare, M. G. and Naddaf, Y. and Veness, J. and Bowling, M.},
    year = {2013},
    month = {Jun},
    pages = {253â€“279}
}

@misc{lillicrap2015continuous,
    title = {Continuous control with deep reinforcement learning},
    author = {Timothy P. Lillicrap and Jonathan J. Hunt and Alexander Pritzel and Nicolas Heess and Tom Erez and Yuval Tassa and David Silver and Daan Wierstra},
    year = {2015},
    eprint = {1509.02971},
    archivePrefix = {arXiv},
    primaryClass = {cs.LG}
}

@Online{OpenAI-Gym,
    title = {OpenAI Gym},
    url = {https://github.com/openai/gym}
}

@misc{lowe2017multiagent,
    title = {Multi-Agent Actor-Critic for Mixed Cooperative-Competitive Environments},
    author = {Ryan Lowe and Yi Wu and Aviv Tamar and Jean Harb and Pieter Abbeel and Igor Mordatch},
    year = {2017},
    eprint = {1706.02275},
    archivePrefix = {arXiv},
    primaryClass = {cs.LG}
}

@book{Crevier93,
    author = {Crevier, Daniel},
    year = {1993},
    month = {01},
    pages = {1-386},
    title = {AI: The Tumultuous History of the Search for Artificial Intelligence},
    url = {https://www.researchgate.net/publication/233820788_AI_The_Tumultuous_History_of_the_Search_for_Artificial_Intelligence}
}

@book{RussellAndNorvig-AI-modern-approach,
    author = {Russell, Stuart and Norvig, Peter},
    title = {Artificial Intelligence: A Modern Approach},
    year = {2009},
    isbn = {0136042597},
    publisher = {Prentice Hall Press},
    address = {USA},
    edition = {3rd},
    pages = {1-5},
}

@Online{Watson,
    title = {Watson (computer)},
    url = {https://en.wikipedia.org/wiki/Watson_(computer)}
}

@Online{AlphaGo,
    title = {AlphaGo},
    url = {https://en.wikipedia.org/wiki/AlphaGo}
}
